@misc{k8sdocs,
  title = {Kubernetes Documentation},
  author = {{The Kubernetes Authors}},
  date = {2022},
  url = {https://kubernetes.io/docs/},
  urldate = {2022-06-06},
}
